02RETORNO01COBRANCA       00000000000005469645INTERBELLE COMERCIO DE PRODUTO237BRADESCO       0501220160000000022                                                                                                                                                                                                                                                                          050122         000001
10211137051000186000000903099000396590000000000000000012225352000000000001222535200000000000000000000000000906050122001222535200000000000122253520210122000000000091423704151  000000000000000000000000000000000000000000000000000000000000000000000000000000000000000091400000000000000000000000000   050122             00000000000000                                                                  000002
10211137051000186000000903099000396590000000000000000012225353000000000001222535300000000000000000000000000906050122001222535300000000000122253530210222000000000091423704151  000000000000000000000000000000000000000000000000000000000000000000000000000000000000000091400000000000000000000000000   050122             00000000000000                                                                  000003
10211137051000186000000903099000396590000000000000000012225354000000000001222535400000000000000000000000000906050122001222535400000000000122253540230322000000000091423704151  000000000000000000000000000000000000000000000000000000000000000000000000000000000000000091400000000000000000000000000   050122             00000000000000                                                                  000004
10211137051000186000000903099000396590000000000000000012225355000000000001222535500000000000000000000000000906050122001222535500000000000122253550220422000000000091423704151  000000000000000000000000000000000000000000000000000000000000000000000000000000000000000091400000000000000000000000000   050122             00000000000000                                                                  000005
10211137051000186000000903099000396590000000000000000012225356000000000001222535600000000000000000000000000906050122001222535600000000000122253560230522000000000091423704151  000000000000000000000000000000000000000000000000000000000000000000000000000000000000000091400000000000000000000000000   050122             00000000000000                                                                  000006
10211137051000186000000903099000396590000000000000000012225405000000000001222540500000000000000000000000000906050122001222540500000000000122254050270122000000000115423704151  000000000000000000000000000000000000000000000000000000000000000000000000000000000000000115400000000000000000000000000   050122             00000000000000                                                                  000007
10211137051000186000000903099000396590000000000000000012225406000000000001222540600000000000000000000000000906050122001222540600000000000122254060020322000000000115423704151  000000000000000000000000000000000000000000000000000000000000000000000000000000000000000115400000000000000000000000000   050122             00000000000000                                                                  000008
10211137051000186000000903099000396590000000000000000012225407000000000001222540700000000000000000000000000906050122001222540700000000000122254070010422000000000115423704151  000000000000000000000000000000000000000000000000000000000000000000000000000000000000000115400000000000000000000000000   050122             00000000000000                                                                  000009
10211137051000186000000903099000396590000000000000000012225408000000000001222540800000000000000000000000000906050122001222540800000000000122254080020522000000000115423704151  000000000000000000000000000000000000000000000000000000000000000000000000000000000000000115400000000000000000000000000   050122             00000000000000                                                                  000010
10211137051000186000000903099000396590000000000000000012225409000000000001222540900000000000000000000000000906050122001222540900000000000122254090010622000000000115423704151  000000000000000000000000000000000000000000000000000000000000000000000000000000000000000115400000000000000000000000000   050122             00000000000000                                                                  000011
10211137051000186000000903099000396590000000000000000012225415000000000001222541500000000000000000000000000906050122001222541500000000000122254150270122000000000115423704151  000000000000000000000000000000000000000000000000000000000000000000000000000000000000000115400000000000000000000000000   050122             00000000000000                                                                  000012
10211137051000186000000903099000396590000000000000000012225416000000000001222541600000000000000000000000000906050122001222541600000000000122254160020322000000000115423704151  000000000000000000000000000000000000000000000000000000000000000000000000000000000000000115400000000000000000000000000   050122             00000000000000                                                                  000013
10211137051000186000000903099000396590000000000000000012225417000000000001222541700000000000000000000000000906050122001222541700000000000122254170010422000000000115423704151  000000000000000000000000000000000000000000000000000000000000000000000000000000000000000115400000000000000000000000000   050122             00000000000000                                                                  000014
10211137051000186000000903099000396590000000000000000012225418000000000001222541800000000000000000000000000906050122001222541800000000000122254180020522000000000115423704151  000000000000000000000000000000000000000000000000000000000000000000000000000000000000000115400000000000000000000000000   050122             00000000000000                                                                  000015
10211137051000186000000903099000396590000000000000000012225419000000000001222541900000000000000000000000000906050122001222541900000000000122254190010622000000000115423704151  000000000000000000000000000000000000000000000000000000000000000000000000000000000000000115400000000000000000000000000   050122             00000000000000                                                                  000016
10211137051000186000000903099000396590000000000000000012225462000000000001222546200000000000000000000000000906050122001222546200000000000122254620280122000000000080823704151  000000000000000000000000000000000000000000000000000000000000000000000000000000000000000080800000000000000000000000000   050122             00000000000000                                                                  000017
10211137051000186000000903099000396590000000000000000012225463000000000001222546300000000000000000000000000906050122001222546300000000000122254630020322000000000080823704151  000000000000000000000000000000000000000000000000000000000000000000000000000000000000000080800000000000000000000000000   050122             00000000000000                                                                  000018
10211137051000186000000903099000396590000000000000000012225464000000000001222546400000000000000000000000000906050122001222546400000000000122254640010422000000000080823704151  000000000000000000000000000000000000000000000000000000000000000000000000000000000000000080800000000000000000000000000   050122             00000000000000                                                                  000019
10211137051000186000000903099000396590000000000000000012225465000000000001222546500000000000000000000000000906050122001222546500000000000122254650020522000000000080823704151  000000000000000000000000000000000000000000000000000000000000000000000000000000000000000080800000000000000000000000000   050122             00000000000000                                                                  000020
10211137051000186000000903099000396590000000000000000012225466000000000001222546600000000000000000000000000906050122001222546600000000000122254660010622000000000080823704151  000000000000000000000000000000000000000000000000000000000000000000000000000000000000000080800000000000000000000000000   050122             00000000000000                                                                  000021
10211137051000186000000903099000396590000000000000000012225482000000000001222548200000000000000000000000000906050122001222548200000000000122254820280122000000000115423704151  000000000000000000000000000000000000000000000000000000000000000000000000000000000000000115400000000000000000000000000   050122             00000000000000                                                                  000022
10211137051000186000000903099000396590000000000000000012225483000000000001222548300000000000000000000000000906050122001222548300000000000122254830020322000000000115423704151  000000000000000000000000000000000000000000000000000000000000000000000000000000000000000115400000000000000000000000000   050122             00000000000000                                                                  000023
10211137051000186000000903099000396590000000000000000012225484000000000001222548400000000000000000000000000906050122001222548400000000000122254840010422000000000115423704151  000000000000000000000000000000000000000000000000000000000000000000000000000000000000000115400000000000000000000000000   050122             00000000000000                                                                  000024
10211137051000186000000903099000396590000000000000000012225485000000000001222548500000000000000000000000000906050122001222548500000000000122254850020522000000000115423704151  000000000000000000000000000000000000000000000000000000000000000000000000000000000000000115400000000000000000000000000   050122             00000000000000                                                                  000025
10211137051000186000000903099000396590000000000000000012225486000000000001222548600000000000000000000000000906050122001222548600000000000122254860010622000000000115423704151  000000000000000000000000000000000000000000000000000000000000000000000000000000000000000115400000000000000000000000000   050122             00000000000000                                                                  000026
10211137051000186000000903099000396590000000000000000012225352000000000001222535200000000000000000000000000906050122001222535200000000000122253520210122000000000091423704151  000000000000000000000000000000000000000000000000000000000000000000000000000000000000000091400000000000000000000000000   050122             00000000000000                                                                  000027
10211137051000186000000903099000396590000000000000000012225353000000000001222535300000000000000000000000000906050122001222535300000000000122253530210222000000000091423704151  000000000000000000000000000000000000000000000000000000000000000000000000000000000000000091400000000000000000000000000   050122             00000000000000                                                                  000028
10211137051000186000000903099000396590000000000000000012225354000000000001222535400000000000000000000000000906050122001222535400000000000122253540230322000000000091423704151  000000000000000000000000000000000000000000000000000000000000000000000000000000000000000091400000000000000000000000000   050122             00000000000000                                                                  000029
10211137051000186000000903099000396590000000000000000012225355000000000001222535500000000000000000000000000906050122001222535500000000000122253550220422000000000091423704151  000000000000000000000000000000000000000000000000000000000000000000000000000000000000000091400000000000000000000000000   050122             00000000000000                                                                  000030
10211137051000186000000903099000396590000000000000000012225356000000000001222535600000000000000000000000000906050122001222535600000000000122253560230522000000000091423704151  000000000000000000000000000000000000000000000000000000000000000000000000000000000000000091400000000000000000000000000   050122             00000000000000                                                                  000031
10211137051000186000000903099000396590000000000000000012225405000000000001222540500000000000000000000000000906050122001222540500000000000122254050270122000000000115423704151  000000000000000000000000000000000000000000000000000000000000000000000000000000000000000115400000000000000000000000000   050122             00000000000000                                                                  000032
10211137051000186000000903099000396590000000000000000012225406000000000001222540600000000000000000000000000906050122001222540600000000000122254060020322000000000115423704151  000000000000000000000000000000000000000000000000000000000000000000000000000000000000000115400000000000000000000000000   050122             00000000000000                                                                  000033
10211137051000186000000903099000396590000000000000000012225407000000000001222540700000000000000000000000000906050122001222540700000000000122254070010422000000000115423704151  000000000000000000000000000000000000000000000000000000000000000000000000000000000000000115400000000000000000000000000   050122             00000000000000                                                                  000034
10211137051000186000000903099000396590000000000000000012225408000000000001222540800000000000000000000000000906050122001222540800000000000122254080020522000000000115423704151  000000000000000000000000000000000000000000000000000000000000000000000000000000000000000115400000000000000000000000000   050122             00000000000000                                                                  000035
10211137051000186000000903099000396590000000000000000012225409000000000001222540900000000000000000000000000906050122001222540900000000000122254090010622000000000115423704151  000000000000000000000000000000000000000000000000000000000000000000000000000000000000000115400000000000000000000000000   050122             00000000000000                                                                  000036
10211137051000186000000903099000396590000000000000000012225415000000000001222541500000000000000000000000000906050122001222541500000000000122254150270122000000000115423704151  000000000000000000000000000000000000000000000000000000000000000000000000000000000000000115400000000000000000000000000   050122             00000000000000                                                                  000037
10211137051000186000000903099000396590000000000000000012225416000000000001222541600000000000000000000000000906050122001222541600000000000122254160020322000000000115423704151  000000000000000000000000000000000000000000000000000000000000000000000000000000000000000115400000000000000000000000000   050122             00000000000000                                                                  000038
10211137051000186000000903099000396590000000000000000012225417000000000001222541700000000000000000000000000906050122001222541700000000000122254170010422000000000115423704151  000000000000000000000000000000000000000000000000000000000000000000000000000000000000000115400000000000000000000000000   050122             00000000000000                                                                  000039
10211137051000186000000903099000396590000000000000000012225418000000000001222541800000000000000000000000000906050122001222541800000000000122254180020522000000000115423704151  000000000000000000000000000000000000000000000000000000000000000000000000000000000000000115400000000000000000000000000   050122             00000000000000                                                                  000040
10211137051000186000000903099000396590000000000000000012225419000000000001222541900000000000000000000000000906050122001222541900000000000122254190010622000000000115423704151  000000000000000000000000000000000000000000000000000000000000000000000000000000000000000115400000000000000000000000000   050122             00000000000000                                                                  000041
10211137051000186000000903099000396590000000000000000012225462000000000001222546200000000000000000000000000906050122001222546200000000000122254620280122000000000080823704151  000000000000000000000000000000000000000000000000000000000000000000000000000000000000000080800000000000000000000000000   050122             00000000000000                                                                  000042
10211137051000186000000903099000396590000000000000000012225463000000000001222546300000000000000000000000000906050122001222546300000000000122254630020322000000000080823704151  000000000000000000000000000000000000000000000000000000000000000000000000000000000000000080800000000000000000000000000   050122             00000000000000                                                                  000043
10211137051000186000000903099000396590000000000000000012225464000000000001222546400000000000000000000000000906050122001222546400000000000122254640010422000000000080823704151  000000000000000000000000000000000000000000000000000000000000000000000000000000000000000080800000000000000000000000000   050122             00000000000000                                                                  000044
10211137051000186000000903099000396590000000000000000012225465000000000001222546500000000000000000000000000906050122001222546500000000000122254650020522000000000080823704151  000000000000000000000000000000000000000000000000000000000000000000000000000000000000000080800000000000000000000000000   050122             00000000000000                                                                  000045
10211137051000186000000903099000396590000000000000000012225466000000000001222546600000000000000000000000000906050122001222546600000000000122254660010622000000000080823704151  000000000000000000000000000000000000000000000000000000000000000000000000000000000000000080800000000000000000000000000   050122             00000000000000                                                                  000046
10211137051000186000000903099000396590000000000000000012225482000000000001222548200000000000000000000000000906050122001222548200000000000122254820280122000000000115423704151  000000000000000000000000000000000000000000000000000000000000000000000000000000000000000115400000000000000000000000000   050122             00000000000000                                                                  000047
10211137051000186000000903099000396590000000000000000012225483000000000001222548300000000000000000000000000906050122001222548300000000000122254830020322000000000115423704151  000000000000000000000000000000000000000000000000000000000000000000000000000000000000000115400000000000000000000000000   050122             00000000000000                                                                  000048
10211137051000186000000903099000396590000000000000000012225484000000000001222548400000000000000000000000000906050122001222548400000000000122254840010422000000000115423704151  000000000000000000000000000000000000000000000000000000000000000000000000000000000000000115400000000000000000000000000   050122             00000000000000                                                                  000049
10211137051000186000000903099000396590000000000000000012225485000000000001222548500000000000000000000000000906050122001222548500000000000122254850020522000000000115423704151  000000000000000000000000000000000000000000000000000000000000000000000000000000000000000115400000000000000000000000000   050122             00000000000000                                                                  000050
10211137051000186000000903099000396590000000000000000012225486000000000001222548600000000000000000000000000906050122001222548600000000000122254860010622000000000115423704151  000000000000000000000000000000000000000000000000000000000000000000000000000000000000000115400000000000000000000000000   050122             00000000000000                                                                  000051
10211137051000186000000903099000396590000000000000000012225352000000000001222535200000000000000000000000000906050122001222535200000000000122253520210122000000000091423704151  000000000000000000000000000000000000000000000000000000000000000000000000000000000000000091400000000000000000000000000   050122             00000000000000                                                                  000052
10211137051000186000000903099000396590000000000000000012225353000000000001222535300000000000000000000000000906050122001222535300000000000122253530210222000000000091423704151  000000000000000000000000000000000000000000000000000000000000000000000000000000000000000091400000000000000000000000000   050122             00000000000000                                                                  000053
10211137051000186000000903099000396590000000000000000012225354000000000001222535400000000000000000000000000906050122001222535400000000000122253540230322000000000091423704151  000000000000000000000000000000000000000000000000000000000000000000000000000000000000000091400000000000000000000000000   050122             00000000000000                                                                  000054
10211137051000186000000903099000396590000000000000000012225355000000000001222535500000000000000000000000000906050122001222535500000000000122253550220422000000000091423704151  000000000000000000000000000000000000000000000000000000000000000000000000000000000000000091400000000000000000000000000   050122             00000000000000                                                                  000055
10211137051000186000000903099000396590000000000000000012225356000000000001222535600000000000000000000000000906050122001222535600000000000122253560230522000000000091423704151  000000000000000000000000000000000000000000000000000000000000000000000000000000000000000091400000000000000000000000000   050122             00000000000000                                                                  000056
10211137051000186000000903099000396590000000000000000012225405000000000001222540500000000000000000000000000906050122001222540500000000000122254050270122000000000115423704151  000000000000000000000000000000000000000000000000000000000000000000000000000000000000000115400000000000000000000000000   050122             00000000000000                                                                  000057
10211137051000186000000903099000396590000000000000000012225406000000000001222540600000000000000000000000000906050122001222540600000000000122254060020322000000000115423704151  000000000000000000000000000000000000000000000000000000000000000000000000000000000000000115400000000000000000000000000   050122             00000000000000                                                                  000058
10211137051000186000000903099000396590000000000000000012225407000000000001222540700000000000000000000000000906050122001222540700000000000122254070010422000000000115423704151  000000000000000000000000000000000000000000000000000000000000000000000000000000000000000115400000000000000000000000000   050122             00000000000000                                                                  000059
10211137051000186000000903099000396590000000000000000012225408000000000001222540800000000000000000000000000906050122001222540800000000000122254080020522000000000115423704151  000000000000000000000000000000000000000000000000000000000000000000000000000000000000000115400000000000000000000000000   050122             00000000000000                                                                  000060
10211137051000186000000903099000396590000000000000000012225409000000000001222540900000000000000000000000000906050122001222540900000000000122254090010622000000000115423704151  000000000000000000000000000000000000000000000000000000000000000000000000000000000000000115400000000000000000000000000   050122             00000000000000                                                                  000061
10211137051000186000000903099000396590000000000000000012225415000000000001222541500000000000000000000000000906050122001222541500000000000122254150270122000000000115423704151  000000000000000000000000000000000000000000000000000000000000000000000000000000000000000115400000000000000000000000000   050122             00000000000000                                                                  000062
10211137051000186000000903099000396590000000000000000012225416000000000001222541600000000000000000000000000906050122001222541600000000000122254160020322000000000115423704151  000000000000000000000000000000000000000000000000000000000000000000000000000000000000000115400000000000000000000000000   050122             00000000000000                                                                  000063
10211137051000186000000903099000396590000000000000000012225417000000000001222541700000000000000000000000000906050122001222541700000000000122254170010422000000000115423704151  000000000000000000000000000000000000000000000000000000000000000000000000000000000000000115400000000000000000000000000   050122             00000000000000                                                                  000064
10211137051000186000000903099000396590000000000000000012225418000000000001222541800000000000000000000000000906050122001222541800000000000122254180020522000000000115423704151  000000000000000000000000000000000000000000000000000000000000000000000000000000000000000115400000000000000000000000000   050122             00000000000000                                                                  000065
10211137051000186000000903099000396590000000000000000012225419000000000001222541900000000000000000000000000906050122001222541900000000000122254190010622000000000115423704151  000000000000000000000000000000000000000000000000000000000000000000000000000000000000000115400000000000000000000000000   050122             00000000000000                                                                  000066
10211137051000186000000903099000396590000000000000000012225462000000000001222546200000000000000000000000000906050122001222546200000000000122254620280122000000000080823704151  000000000000000000000000000000000000000000000000000000000000000000000000000000000000000080800000000000000000000000000   050122             00000000000000                                                                  000067
10211137051000186000000903099000396590000000000000000012225463000000000001222546300000000000000000000000000906050122001222546300000000000122254630020322000000000080823704151  000000000000000000000000000000000000000000000000000000000000000000000000000000000000000080800000000000000000000000000   050122             00000000000000                                                                  000068
10211137051000186000000903099000396590000000000000000012225464000000000001222546400000000000000000000000000906050122001222546400000000000122254640010422000000000080823704151  000000000000000000000000000000000000000000000000000000000000000000000000000000000000000080800000000000000000000000000   050122             00000000000000                                                                  000069
10211137051000186000000903099000396590000000000000000012225465000000000001222546500000000000000000000000000906050122001222546500000000000122254650020522000000000080823704151  000000000000000000000000000000000000000000000000000000000000000000000000000000000000000080800000000000000000000000000   050122             00000000000000                                                                  000070
10211137051000186000000903099000396590000000000000000012225466000000000001222546600000000000000000000000000906050122001222546600000000000122254660010622000000000080823704151  000000000000000000000000000000000000000000000000000000000000000000000000000000000000000080800000000000000000000000000   050122             00000000000000                                                                  000071
10211137051000186000000903099000396590000000000000000012225482000000000001222548200000000000000000000000000906050122001222548200000000000122254820280122000000000115423704151  000000000000000000000000000000000000000000000000000000000000000000000000000000000000000115400000000000000000000000000   050122             00000000000000                                                                  000072
10211137051000186000000903099000396590000000000000000012225483000000000001222548300000000000000000000000000906050122001222548300000000000122254830020322000000000115423704151  000000000000000000000000000000000000000000000000000000000000000000000000000000000000000115400000000000000000000000000   050122             00000000000000                                                                  000073
10211137051000186000000903099000396590000000000000000012225484000000000001222548400000000000000000000000000906050122001222548400000000000122254840010422000000000115423704151  000000000000000000000000000000000000000000000000000000000000000000000000000000000000000115400000000000000000000000000   050122             00000000000000                                                                  000074
10211137051000186000000903099000396590000000000000000012225485000000000001222548500000000000000000000000000906050122001222548500000000000122254850020522000000000115423704151  000000000000000000000000000000000000000000000000000000000000000000000000000000000000000115400000000000000000000000000   050122             00000000000000                                                                  000075
10211137051000186000000903099000396590000000000000000012225486000000000001222548600000000000000000000000000906050122001222548600000000000122254860010622000000000115423704151  000000000000000000000000000000000000000000000000000000000000000000000000000000000000000115400000000000000000000000000   050122             00000000000000                                                                  000076
10211137051000186000000903099000396590000000000000000012225352000000000001222535200000000000000000000000000906050122001222535200000000000122253520210122000000000091423704151  000000000000000000000000000000000000000000000000000000000000000000000000000000000000000091400000000000000000000000000   050122             00000000000000                                                                  000077
10211137051000186000000903099000396590000000000000000012225353000000000001222535300000000000000000000000000906050122001222535300000000000122253530210222000000000091423704151  000000000000000000000000000000000000000000000000000000000000000000000000000000000000000091400000000000000000000000000   050122             00000000000000                                                                  000078
10211137051000186000000903099000396590000000000000000012225354000000000001222535400000000000000000000000000906050122001222535400000000000122253540230322000000000091423704151  000000000000000000000000000000000000000000000000000000000000000000000000000000000000000091400000000000000000000000000   050122             00000000000000                                                                  000079
10211137051000186000000903099000396590000000000000000012225355000000000001222535500000000000000000000000000906050122001222535500000000000122253550220422000000000091423704151  000000000000000000000000000000000000000000000000000000000000000000000000000000000000000091400000000000000000000000000   050122             00000000000000                                                                  000080
10211137051000186000000903099000396590000000000000000012225356000000000001222535600000000000000000000000000906050122001222535600000000000122253560230522000000000091423704151  000000000000000000000000000000000000000000000000000000000000000000000000000000000000000091400000000000000000000000000   050122             00000000000000                                                                  000081
10211137051000186000000903099000396590000000000000000012225405000000000001222540500000000000000000000000000906050122001222540500000000000122254050270122000000000115423704151  000000000000000000000000000000000000000000000000000000000000000000000000000000000000000115400000000000000000000000000   050122             00000000000000                                                                  000082
10211137051000186000000903099000396590000000000000000012225406000000000001222540600000000000000000000000000906050122001222540600000000000122254060020322000000000115423704151  000000000000000000000000000000000000000000000000000000000000000000000000000000000000000115400000000000000000000000000   050122             00000000000000                                                                  000083
10211137051000186000000903099000396590000000000000000012225407000000000001222540700000000000000000000000000906050122001222540700000000000122254070010422000000000115423704151  000000000000000000000000000000000000000000000000000000000000000000000000000000000000000115400000000000000000000000000   050122             00000000000000                                                                  000084
10211137051000186000000903099000396590000000000000000012225408000000000001222540800000000000000000000000000906050122001222540800000000000122254080020522000000000115423704151  000000000000000000000000000000000000000000000000000000000000000000000000000000000000000115400000000000000000000000000   050122             00000000000000                                                                  000085
10211137051000186000000903099000396590000000000000000012225409000000000001222540900000000000000000000000000906050122001222540900000000000122254090010622000000000115423704151  000000000000000000000000000000000000000000000000000000000000000000000000000000000000000115400000000000000000000000000   050122             00000000000000                                                                  000086
10211137051000186000000903099000396590000000000000000012225415000000000001222541500000000000000000000000000906050122001222541500000000000122254150270122000000000115423704151  000000000000000000000000000000000000000000000000000000000000000000000000000000000000000115400000000000000000000000000   050122             00000000000000                                                                  000087
10211137051000186000000903099000396590000000000000000012225416000000000001222541600000000000000000000000000906050122001222541600000000000122254160020322000000000115423704151  000000000000000000000000000000000000000000000000000000000000000000000000000000000000000115400000000000000000000000000   050122             00000000000000                                                                  000088
10211137051000186000000903099000396590000000000000000012225417000000000001222541700000000000000000000000000906050122001222541700000000000122254170010422000000000115423704151  000000000000000000000000000000000000000000000000000000000000000000000000000000000000000115400000000000000000000000000   050122             00000000000000                                                                  000089
10211137051000186000000903099000396590000000000000000012225418000000000001222541800000000000000000000000000906050122001222541800000000000122254180020522000000000115423704151  000000000000000000000000000000000000000000000000000000000000000000000000000000000000000115400000000000000000000000000   050122             00000000000000                                                                  000090
10211137051000186000000903099000396590000000000000000012225419000000000001222541900000000000000000000000000906050122001222541900000000000122254190010622000000000115423704151  000000000000000000000000000000000000000000000000000000000000000000000000000000000000000115400000000000000000000000000   050122             00000000000000                                                                  000091
10211137051000186000000903099000396590000000000000000012225462000000000001222546200000000000000000000000000906050122001222546200000000000122254620280122000000000080823704151  000000000000000000000000000000000000000000000000000000000000000000000000000000000000000080800000000000000000000000000   050122             00000000000000                                                                  000092
10211137051000186000000903099000396590000000000000000012225463000000000001222546300000000000000000000000000906050122001222546300000000000122254630020322000000000080823704151  000000000000000000000000000000000000000000000000000000000000000000000000000000000000000080800000000000000000000000000   050122             00000000000000                                                                  000093
10211137051000186000000903099000396590000000000000000012225464000000000001222546400000000000000000000000000906050122001222546400000000000122254640010422000000000080823704151  000000000000000000000000000000000000000000000000000000000000000000000000000000000000000080800000000000000000000000000   050122             00000000000000                                                                  000094
10211137051000186000000903099000396590000000000000000012225465000000000001222546500000000000000000000000000906050122001222546500000000000122254650020522000000000080823704151  000000000000000000000000000000000000000000000000000000000000000000000000000000000000000080800000000000000000000000000   050122             00000000000000                                                                  000095
10211137051000186000000903099000396590000000000000000012225466000000000001222546600000000000000000000000000906050122001222546600000000000122254660010622000000000080823704151  000000000000000000000000000000000000000000000000000000000000000000000000000000000000000080800000000000000000000000000   050122             00000000000000                                                                  000096
10211137051000186000000903099000396590000000000000000012225482000000000001222548200000000000000000000000000906050122001222548200000000000122254820280122000000000115423704151  000000000000000000000000000000000000000000000000000000000000000000000000000000000000000115400000000000000000000000000   050122             00000000000000                                                                  000097
10211137051000186000000903099000396590000000000000000012225483000000000001222548300000000000000000000000000906050122001222548300000000000122254830020322000000000115423704151  000000000000000000000000000000000000000000000000000000000000000000000000000000000000000115400000000000000000000000000   050122             00000000000000                                                                  000098
10211137051000186000000903099000396590000000000000000012225484000000000001222548400000000000000000000000000906050122001222548400000000000122254840010422000000000115423704151  000000000000000000000000000000000000000000000000000000000000000000000000000000000000000115400000000000000000000000000   050122             00000000000000                                                                  000099
10211137051000186000000903099000396590000000000000000012225485000000000001222548500000000000000000000000000906050122001222548500000000000122254850020522000000000115423704151  000000000000000000000000000000000000000000000000000000000000000000000000000000000000000115400000000000000000000000000   050122             00000000000000                                                                  000100
10211137051000186000000903099000396590000000000000000012225486000000000001222548600000000000000000000000000906050122001222548600000000000122254860010622000000000115423704151  000000000000000000000000000000000000000000000000000000000000000000000000000000000000000115400000000000000000000000000   050122             00000000000000                                                                  000101
9201237          000000020000000002608600000420          00000000000000000000000026086000020008458914800000200000002608600000000000000000000000000000000000000000000000000000000000000000000                                                                                                                                                                              00000000000000000000000         000007
